@online{Magnus,
  title = "Wikipedia: Magnus Carlsen",
  url = "https://en.wikipedia.org/wiki/Magnus_Carlsen",
}

@article{branch,
  title = "The Mystery of Go, the Ancient Game That Computers Still Can't Win",
  author = "Levinovitz, Alan",
  year = "2014",
  publisher = "Wired"
}

@book{rules,
  title = "U.S. Chess Federation's official rules of chess.",
  author = "Just, Tim and Burg, Daniel B.",
  edition = "5",
  isbn = "0-8129-3559-4"
}

@misc{lex,
  title = "Lex Fridman podcast",
  author = "Fridman, Lex"
}

@online{bm,
  title = "Black magic bitboards",
  url = "https://www.talkchess.com/forum/viewtopic.php?t=64790"
}

@online{bitboards,
  title = "Chess programming wiki: Bitboards",
  url = "https://www.chessprogramming.org/Bitboards"
}

@online{stockfish,
  title = "Stockfish 16.1",
  url = "https://stockfishchess.org/"
}

@online{lasse,
  title = "Fast(er) bitboard move generator",
  url = "https://web.archive.org/web/20221113174017/http://www.open-aurec.com/wbforum/viewtopic.php?t=5015"
}

@thesis{shan,
  title = "Progamming a Computer for Playing Chess",
  year = "1949",
  author = "Claude Shannon"
}

@online{search,
  title = "Chess programming wiki: Shannon's Types",
  url = "https://www.chessprogramming.org/Search"
}
